% This file was created with JabRef 2.9.2.
% Encoding: UTF8
@UNPUBLISHED{doku,
 author = {Maximilian Kürschner},
 title = {Documentation for Latex\_Vorlage},
 year = {2020}
}   
@online{SQL,
  title = {SQL – Alles über die Datenbanksprache},
  year = 2023,
  url = {{https://datascientest.com/de/sql-alles-uber-die-datenbanksprache#:~:text=SQL%20oder%20%E2%80%9EStructured%20Query%20Language,darin%20enthaltenen%20Daten%20zu%20verwalten.}},
  urldate = {2023-08-11}
}
@online{Datenmengen,
  title = {Volumen der jährlich generierten/replizierten digitalen Datenmenge weltweit von 2010 bis 2022 und Prognose bis 2027},
  year = 2023,
  url = {{https://datascientest.com/de/sql-alles-uber-die-datenbanksprache#:~:text=SQL%20oder%20%E2%80%9EStructured%20Query%20Language,darin%20enthaltenen%20Daten%20zu%20verwalten.}},
  urldate = {2023-08-11}
}
@online{SQLCommands,
  title = {{SQL | DDL, DQL, DML, DCL and TCL Commands}},
  year = 2023,
  url = {{https://www.geeksforgeeks.org/sql-ddl-dql-dml-dcl-tcl-commands/}},
  urldate = {2023-08-11}
}
@online{SQLDoku,
  title = {{SQL Tutorial}},
  year = 2023,
  url = {{hhttps://www.w3schools.com/sql/}},
  urldate = {2023-08-11}
}
@book{DesignPatterns,
  author = {{Erich Gamma, Richard Helm, Ralph Johnson, John Vlissides}},
  publisher = {{mitp Verlags GmbH \& Co.KG}},
  title = {{Design Patterns - Entwurfsmuster als Elemente wiederverwendbarer objektorientierter Software}},
  year = {2015},
  isbn = {{978-3-8266-9700-5}}
}
@online{SQLiteHompage,
  title = {{SQLite}},
  year = 2023,
  url = {{https://www.sqlite.org/index.html}},
  urldate = {2023-08-11}
  }
@book{HeadfirstDesignPatterns,
  author = {{Eric Freeman, Elisabeth Robson, Bert Bates, Kathy Sierra}},
  publisher = {{O'Reilly Media, Incorporated}},
  title = {{Head First Design Patterns - A Brain Friendly Guide}},
  year = {2004},
  isbn = {{978-0-5960-0712-6}}
}
@techreport{AIP,
  author      = {Harold C. Fortna},
  institution = {Wright Patterson Air Force Base},
  title       = {Avionics Integrity Program, Technical Report ASD-TR-84-5030},
  year        = {1984}
}